% This file was created with JabRef 2.9b2.
% Encoding: ISO8859_1

@BOOK{Neugebauer2006,
	AUTHOR = {Neugebauer, Reimund},
	YEAR = {2006},
	TITLE = {{Parallelkinematische Maschinen - Entwurf, Konstruktion, Anwendung}},
	EDITION = {2006. Aufl.},
	ISBN = {978-3-540-29939-4},
	PUBLISHER = {Springer-Verlag},
	ADDRESS = {Berlin Heidelberg New York},
}

@MISC{FMCdiag,
  title        = "Fundamental Modeling Concepts - Notation Reference",
  author       = "{FMC Consortium}",
  year         =  2020,
  url = {http://www.fmc-modeling.org/notation_reference},
  urldate  = {24th of December 2020}
}

@misc{luckert2016using,
  title={Using machine learning methods for evaluating the quality of technical documents},
  author={Luckert, Michael and Schaefer-Kehnert, Moritz},
  year={2016}
}

@MISC{2020ROS,
  title        = "ROS/Introduction - ROS Wiki",
  author       = "{Open Source Robotics Foundation}",
  year         =  2021,
  url = {http://wiki.ros.org/ROS/Introduction},
  urldate  = {1st of January 2021}
}
@MISC{2020ROStopics,
  title        = "Topics - ROS Wiki",
  author       = "{Open Source Robotics Foundation}",
  year         =  2021,
  url = {http://wiki.ros.org/Topics},
  urldate  = {1st of January 2021}
}

@MISC{2021labelme,
  title        = "Image Polygonal Annotation with Python",
  author       = "{Wada Kentaro}",
  year         =  2021,
  url = {https://github.com/wkentaro/labelme},
  urldate  = {2nd of January 2021}
}

@MISC{2021detectron2-benchmark,
  title        = "Benchmarks - detectron2 documentation",
  author       = "{FacebookAI}",
  year         =  2021,
  url = {https://detectron2.readthedocs.io/notes/benchmarks.html},
  urldate  = {2nd of January 2021}
}

@MISC{2021testat4,
  title        = "NVIDIA T4 Tensor Core GPU for AI Inference",
  author       = "{NVIDIA}",
  year         =  2021,
  url = {https://www.nvidia.com/en-us/data-center/tesla-t4/},
  urldate  = {3rd of January 2021}
}
@MISC{2021nvidia-cuda,
  title        = "CUDA Zone",
  author       = "{NVIDIA}",
  year         =  2021,
  url = {https://developer.nvidia.com/CUDA-zone},
  urldate  = {3rd of January 2021}
}

@MISC{2021scikit-ransac,
  title        = "Robust matching using RANSAC",
  author       = "{scikit-image development team}",
  year         =  2021,
  url = {https://scikit-image.org/docs/stable/auto_examples/transform/plot_matching.html},
  urldate  = {3rd of January 2021}
}

@article{tremblay2018deep,
  title={Deep object pose estimation for semantic robotic grasping of household objects},
  author={Tremblay, Jonathan and To, Thang and Sundaralingam, Balakumar and Xiang, Yu and Fox, Dieter and Birchfield, Stan},
  journal={arXiv preprint arXiv:1809.10790},
  year={2018}
}

@inproceedings{papazov2010efficient,
  title={An efficient ransac for 3d object recognition in noisy and occluded scenes},
  author={Papazov, Chavdar and Burschka, Darius},
  booktitle={Asian Conference on Computer Vision},
  pages={135--148},
  year={2010},
  organization={Springer}
}


@MISC{2021ndds,
  title        = "Dataset Synthesizer: NVIDIA Deep learning Dataset Synthesizer (NDDS)",
  author       = "{NVIDIA}",
  year         =  2021,
  url = {https://github.com/NVIDIA/Dataset_Synthesizer},
  urldate  = {3rd of January 2021}
}

@MISC{2021ue4,
  title        = "Unreal Engine",
  author       = "{NVIDIA}",
  year         =  2021,
  url = {https://www.unrealengine.com/en-US/},
  urldate  = {3rd of January 2021}
}


@MISC{2021lely-a5,
  title        = "Automatic Milking - Astronaut A5",
  author       = "{Lely Industries N.V.}",
  year         =  2021,
  url = {https://www.lely.com/solutions/milking/astronaut-a5/},
  urldate  = {4th of January 2021}
}



@misc{lumenlearning_2021, 
title={Effects of the Agricultural Revolution | History of Western Civilization II},
url={https://courses.lumenlearning.com/suny-hccc-worldhistory2/chapter/effects-of-the-agricultural-revolution/}, 
journal={courses.lumenlearning.com}, 
author={Lumen Learning}, 
year={2021} }

@misc{valente_2017, 
title={The Origins of Milk: Why Was the First Cow Milked in the First Place?}, 
url={https://medium.com/@lanavalente/the-origins-of-milk-why-did-the-first-cow-milker-milk-the-cow-c41e8ef761d6}, 
journal={Medium}, 
author={Valente, Lana}, 
year={2017} 
}

@inproceedings{dorokhov2019recognition,
  title={Recognition of Cow Teats Using the 3D-ToF Camera When Milking in the “Herringbone” Milking Parlor},
  author={Dorokhov, Aleksey and Kirsanov, Vladimir and Pavkin, Dmitriy and Yurochka, Sergey and Vladimirov, Fedor},
  booktitle={International Conference on Intelligent Computing \& Optimization},
  pages={128--137},
  year={2019},
  organization={Springer}
}

@inproceedings{akhloufi20143d,
  title={3D vision system for intelligent milking robot automation},
  author={Akhloufi, MA},
  booktitle={Intelligent Robots and Computer Vision XXXI: Algorithms and Techniques},
  volume={9025},
  pages={90250N},
  year={2014},
  organization={International Society for Optics and Photonics}
}

@inproceedings{pal2017algorithm,
  title={Algorithm design for teat detection system methodology using TOF, RGBD and thermal imaging in next generation milking robot system},
  author={Pal, Abhishesh and Rastogi, Akanksha and Myongseok, Song and Ryuh, Beom Sahng},
  booktitle={2017 14th International Conference on Ubiquitous Robots and Ambient Intelligence (URAI)},
  pages={895--896},
  year={2017},
  organization={IEEE}
}

@article{rastogi2019teat,
  title={Teat detection algorithm: YOLO vs. Haar-cascade},
  author={Rastogi, Akanksha and Ryuh, Beom Sahng},
  journal={Journal of Mechanical Science and Technology},
  volume={33},
  number={4},
  pages={1869--1874},
  year={2019},
  publisher={Springer}
}

@article{manuelli2019kpam,
  title={kpam: Keypoint affordances for category-level robotic manipulation},
  author={Manuelli, Lucas and Gao, Wei and Florence, Peter and Tedrake, Russ},
  journal={arXiv preprint arXiv:1903.06684},
  year={2019}
}

@inproceedings{ciocarlie2014towards,
  title={Towards reliable grasping and manipulation in household environments},
  author={Ciocarlie, Matei and Hsiao, Kaijen and Jones, Edward Gil and Chitta, Sachin and Rusu, Radu Bogdan and {\c{S}}ucan, Ioan A},
  booktitle={Experimental Robotics},
  pages={241--252},
  year={2014},
  organization={Springer}
}

@article{o20193d,
  title={3D Vision for Precision Dairy Farming},
  author={O’Mahony, Niall and Campbell, Sean and Carvalho, Anderson and Krpalkova, Lenka and Riordan, Daniel and Walsh, Joseph},
  journal={IFAC-PapersOnLine},
  volume={52},
  number={30},
  pages={312--317},
  year={2019},
  publisher={Elsevier}
}

@article{cao2020comprehensive,
  title={A comprehensive survey on geometric deep learning},
  author={Cao, Wenming and Yan, Zhiyue and He, Zhiquan and He, Zhihai},
  journal={IEEE Access},
  volume={8},
  pages={35929--35949},
  year={2020},
  publisher={IEEE}
}

@article{arad2020development,
  title={Development of a sweet pepper harvesting robot},
  author={Arad, Boaz and Balendonck, Jos and Barth, Ruud and Ben-Shahar, Ohad and Edan, Yael and Hellstr{\"o}m, Thomas and Hemming, Jochen and Kurtser, Polina and Ringdahl, Ola and Tielen, Toon and others},
  journal={Journal of Field Robotics},
  year={2020},
  publisher={Wiley Online Library}
}
@inproceedings{qi2018frustum,
  title={Frustum pointnets for 3d object detection from rgb-d data},
  author={Qi, Charles R and Liu, Wei and Wu, Chenxia and Su, Hao and Guibas, Leonidas J},
  booktitle={Proceedings of the IEEE conference on computer vision and pattern recognition},
  pages={918--927},
  year={2018}
}
@inproceedings{qi2017pointnet,
  title={Pointnet: Deep learning on point sets for 3d classification and segmentation},
  author={Qi, Charles R and Su, Hao and Mo, Kaichun and Guibas, Leonidas J},
  booktitle={Proceedings of the IEEE conference on computer vision and pattern recognition},
  pages={652--660},
  year={2017}
}

@article{qi2017pointnet++,
  title={Pointnet++: Deep hierarchical feature learning on point sets in a metric space},
  author={Qi, Charles Ruizhongtai and Yi, Li and Su, Hao and Guibas, Leonidas J},
  journal={Advances in neural information processing systems},
  volume={30},
  pages={5099--5108},
  year={2017}
}

@article{bhargava2018fruits,
  title={Fruits and vegetables quality evaluation using computer vision: A review},
  author={Bhargava, Anuja and Bansal, Atul},
  journal={Journal of King Saud University-Computer and Information Sciences},
  year={2018},
  publisher={Elsevier}
}

@article{huang1996computer,
  title={Computer vision: Evolution and promise},
  author={Huang, Thomas},
  year={1996},
  publisher={Cern}
}

@article{zhang2019skynet,
  title={Skynet: a hardware-efficient method for object detection and tracking on embedded systems},
  author={Zhang, Xiaofan and Lu, Haoming and Hao, Cong and Li, Jiachen and Cheng, Bowen and Li, Yuhong and Rupnow, Kyle and Xiong, Jinjun and Huang, Thomas and Shi, Honghui and others},
  journal={arXiv preprint arXiv:1909.09709},
  year={2019}
}

@article{karami2017image,
  title={Image identification using SIFT algorithm: Performance analysis against different image deformations},
  author={Karami, Ebrahim and Shehata, Mohamed and Smith, Andrew},
  journal={arXiv preprint arXiv:1710.02728},
  year={2017}
}

@inproceedings{bay2006surf,
  title={Surf: Speeded up robust features},
  author={Bay, Herbert and Tuytelaars, Tinne and Van Gool, Luc},
  booktitle={European conference on computer vision},
  pages={404--417},
  year={2006},
  organization={Springer}
}

@inproceedings{rosten2006machine,
  title={Machine learning for high-speed corner detection},
  author={Rosten, Edward and Drummond, Tom},
  booktitle={European conference on computer vision},
  pages={430--443},
  year={2006},
  organization={Springer}
}

@article{goldenshluger2004hough,
  title={The Hough Transform Estimator},
  author={Goldenshluger, Alexander and Zeevi, Assaf and others},
  journal={The Annals of Statistics},
  volume={32},
  number={5},
  pages={1908--1932},
  year={2004},
  publisher={Institute of Mathematical Statistics}
}


@article{tsai1994geometric,
  title={Geometric hashing with line features},
  author={Tsai, Frank CD},
  journal={Pattern Recognition},
  volume={27},
  number={3},
  pages={377--389},
  year={1994},
  publisher={Elsevier}
}


@inproceedings{deng2009imagenet,
  title={ImageNet: A Large-scale Hierarchical Image Database},
  author={Deng, Jia and Dong, Wei and Socher, Richard and Li, Li-Jia and Li, Kai and Fei-Fei, Li},
  booktitle={2009 IEEE conference on computer vision and pattern recognition},
  pages={248--255},
  year={2009},
  organization={Ieee}
}
@article{krizhevsky2017imagenet,
  title={ImageNet Classification with Deep Convolutional Neural Networks},
  author={Krizhevsky, Alex and Sutskever, Ilya and Hinton, Geoffrey E},
  journal={Communications of the ACM},
  volume={60},
  number={6},
  pages={84--90},
  year={2017},
  publisher={AcM New York, NY, USA}
}
@article{mcculloch1943logical,
  title={A logical calculus of the ideas immanent in nervous activity},
  author={McCulloch, Warren S and Pitts, Walter},
  journal={The bulletin of mathematical biophysics},
  volume={5},
  number={4},
  pages={115--133},
  year={1943},
  publisher={Springer}
}

@article{singh2018fotonnet,
  title={FotonNet: A HW-Efficient Object Detection System Using 3D-Depth Segmentation and 2D-DNN Classifier},
  author={Singh, Gurjeet and Miao, Sun and Shi, Shi and Chiang, Patrick},
  journal={arXiv preprint arXiv:1811.07493},
  year={2018}
}

@MISC{objectron2021dataset,
  title        = "Announcing the Objectron Dataset",
  author       = "{Google AI}",
  year         =  2020,
  url = {https://ai.googleblog.com/2020/11/announcing-objectron-dataset.html},
  urldate  = {6th of January 2021}
}


@article{han2019image,
  title={Image-based 3d object reconstruction: State-of-the-art and trends in the deep learning era},
  author={Han, Xianfeng and Laga, Hamid and Bennamoun, Mohammed},
  journal={IEEE transactions on pattern analysis and machine intelligence},
  year={2019},
  publisher={IEEE}
}

@inproceedings{tian2019occlusion,
  title={Occlusion and Collision Aware Smartphone AR Using Time-of-Flight Camera},
  author={Tian, Yuan and Ma, Yuxin and Quan, Shuxue and Xu, Yi},
  booktitle={International Symposium on Visual Computing},
  pages={141--153},
  year={2019},
  organization={Springer}
}

@inproceedings{yan2016perspective,
  title={Perspective Transformer Nets: Learning Single-View 3D Object Reconstruction without 3D Supervision},
  author={Yan, Xinchen and Yang, Jimei and Yumer, Ersin and Guo, Yijie and Lee, Honglak},
  booktitle={Advances in neural information processing systems},
  pages={1696--1704},
  year={2016}
}

@inproceedings{choy20163d,
  title={3d-r2n2: A unified approach for single and multi-view 3d object reconstruction},
  author={Choy, Christopher B and Xu, Danfei and Gwak, JunYoung and Chen, Kevin and Savarese, Silvio},
  booktitle={European conference on computer vision},
  pages={628--644},
  year={2016},
  organization={Springer}
}

@article{wu2016learning,
  title={Learning a probabilistic latent space of object shapes via 3d generative-adversarial modeling},
  author={Wu, Jiajun and Zhang, Chengkai and Xue, Tianfan and Freeman, Bill and Tenenbaum, Josh},
  journal={Advances in neural information processing systems},
  volume={29},
  pages={82--90},
  year={2016}
}

@inproceedings{tatarchenko2017octree,
  title={Octree generating networks: Efficient convolutional architectures for high-resolution 3d outputs},
  author={Tatarchenko, Maxim and Dosovitskiy, Alexey and Brox, Thomas},
  booktitle={Proceedings of the IEEE International Conference on Computer Vision},
  pages={2088--2096},
  year={2017}
}
@inproceedings{riegler2017octnet,
  title={Octnet: Learning deep 3d representations at high resolutions},
  author={Riegler, Gernot and Osman Ulusoy, Ali and Geiger, Andreas},
  booktitle={Proceedings of the IEEE Conference on Computer Vision and Pattern Recognition},
  pages={3577--3586},
  year={2017}
}

@inproceedings{park2019deepsdf,
  title={Deepsdf: Learning continuous signed distance functions for shape representation},
  author={Park, Jeong Joon and Florence, Peter and Straub, Julian and Newcombe, Richard and Lovegrove, Steven},
  booktitle={Proceedings of the IEEE Conference on Computer Vision and Pattern Recognition},
  pages={165--174},
  year={2019}
}

@inproceedings{chen2019learning,
  title={Learning implicit fields for generative shape modeling},
  author={Chen, Zhiqin and Zhang, Hao},
  booktitle={Proceedings of the IEEE Conference on Computer Vision and Pattern Recognition},
  pages={5939--5948},
  year={2019}
}

@inproceedings{mescheder2019occupancy,
  title={Occupancy networks: Learning 3d reconstruction in function space},
  author={Mescheder, Lars and Oechsle, Michael and Niemeyer, Michael and Nowozin, Sebastian and Geiger, Andreas},
  booktitle={Proceedings of the IEEE Conference on Computer Vision and Pattern Recognition},
  pages={4460--4470},
  year={2019}
}

@inproceedings{pontes2018image2mesh,
  title={Image2mesh: A learning framework for single image 3d reconstruction},
  author={Pontes, Jhony K and Kong, Chen and Sridharan, Sridha and Lucey, Simon and Eriksson, Anders and Fookes, Clinton},
  booktitle={Asian Conference on Computer Vision},
  pages={365--381},
  year={2018},
  organization={Springer}
}

@inproceedings{kurenkov2018deformnet,
  title={Deformnet: Free-form deformation network for 3d shape reconstruction from a single image},
  author={Kurenkov, Andrey and Ji, Jingwei and Garg, Animesh and Mehta, Viraj and Gwak, JunYoung and Choy, Christopher and Savarese, Silvio},
  booktitle={2018 IEEE Winter Conference on Applications of Computer Vision (WACV)},
  pages={858--866},
  year={2018},
  organization={IEEE}
}
@inproceedings{fan2017point,
  title={A point set generation network for 3d object reconstruction from a single image},
  author={Fan, Haoqiang and Su, Hao and Guibas, Leonidas J},
  booktitle={Proceedings of the IEEE conference on computer vision and pattern recognition},
  pages={605--613},
  year={2017}
}

@inproceedings{arsalan2017synthesizing,
  title={Synthesizing 3d shapes via modeling multi-view depth maps and silhouettes with deep generative networks},
  author={Arsalan Soltani, Amir and Huang, Haibin and Wu, Jiajun and Kulkarni, Tejas D and Tenenbaum, Joshua B},
  booktitle={Proceedings of the IEEE conference on computer vision and pattern recognition},
  pages={1511--1519},
  year={2017}
}

@article{wang2017cnn,
  title={O-cnn: Octree-based convolutional neural networks for 3d shape analysis},
  author={Wang, Peng-Shuai and Liu, Yang and Guo, Yu-Xiao and Sun, Chun-Yu and Tong, Xin},
  journal={ACM Transactions on Graphics (TOG)},
  volume={36},
  number={4},
  pages={1--11},
  year={2017},
  publisher={ACM New York, NY, USA}
}

@book{meagher1980octree,
  title={Octree encoding: A new technique for the representation, manipulation and display of arbitrary 3-d objects by computer},
  author={Meagher, Donald},
  year={1980},
  publisher={Electrical and Systems Engineering Department Rensselaer  Polytechnic}
}
@inproceedings{xie2020pointcontrast,
  title={PointContrast: Unsupervised pre-training for 3D point cloud understanding},
  author={Xie, Saining and Gu, Jiatao and Guo, Demi and Qi, Charles R and Guibas, Leonidas and Litany, Or},
  booktitle={European Conference on Computer Vision},
  pages={574--591},
  year={2020},
  organization={Springer}
}
@article{wang2020pre,
  title={Pre-Training by Completing Point Clouds},
  author={Wang, Hanchen and Liu, Qi and Yue, Xiangyu and Lasenby, Joan and Kusner, Matthew J},
  journal={arXiv preprint arXiv:2010.01089},
  year={2020}
}
@article{chang2015shapenet,
  title={Shapenet: An information-rich 3d model repository},
  author={Chang, Angel X and Funkhouser, Thomas and Guibas, Leonidas and Hanrahan, Pat and Huang, Qixing and Li, Zimo and Savarese, Silvio and Savva, Manolis and Song, Shuran and Su, Hao and others},
  journal={arXiv preprint arXiv:1512.03012},
  year={2015}
}

@article{sahin2020review,
  title={A review on object pose recovery: from 3d bounding box detectors to full 6d pose estimators},
  author={Sahin, Caner and Garcia-Hernando, Guillermo and Sock, Juil and Kim, Tae-Kyun},
  journal={Image and Vision Computing},
  pages={103898},
  year={2020},
  publisher={Elsevier}
}
@inproceedings{gupta2015aligning,
  title={Aligning 3D models to RGB-D images of cluttered scenes},
  author={Gupta, Saurabh and Arbel{\'a}ez, Pablo and Girshick, Ross and Malik, Jitendra},
  booktitle={Proceedings of the IEEE conference on computer vision and pattern recognition},
  pages={4731--4740},
  year={2015}
}
@inproceedings{li2019gs3d,
  title={Gs3d: An efficient 3d object detection framework for autonomous driving},
  author={Li, Buyu and Ouyang, Wanli and Sheng, Lu and Zeng, Xingyu and Wang, Xiaogang},
  booktitle={Proceedings of the IEEE Conference on Computer Vision and Pattern Recognition},
  pages={1019--1028},
  year={2019}
}
@inproceedings{engelcke2017vote3deep,
  title={Vote3deep: Fast object detection in 3d point clouds using efficient convolutional neural networks},
  author={Engelcke, Martin and Rao, Dushyant and Wang, Dominic Zeng and Tong, Chi Hay and Posner, Ingmar},
  booktitle={2017 IEEE International Conference on Robotics and Automation (ICRA)},
  pages={1355--1361},
  year={2017},
  organization={IEEE}
}

@inproceedings{michel2017global,
  title={Global hypothesis generation for 6D object pose estimation},
  author={Michel, Frank and Kirillov, Alexander and Brachmann, Eric and Krull, Alexander and Gumhold, Stefan and Savchynskyy, Bogdan and Rother, Carsten},
  booktitle={Proceedings of the IEEE Conference on Computer Vision and Pattern Recognition},
  pages={462--471},
  year={2017}
}

@inproceedings{zhou2018voxelnet,
  title={Voxelnet: End-to-end learning for point cloud based 3d object detection},
  author={Zhou, Yin and Tuzel, Oncel},
  booktitle={Proceedings of the IEEE Conference on Computer Vision and Pattern Recognition},
  pages={4490--4499},
  year={2018}
}

@inproceedings{zhang2017deepcontext,
  title={Deepcontext: Context-encoding neural pathways for 3d holistic scene understanding},
  author={Zhang, Yinda and Bai, Mingru and Kohli, Pushmeet and Izadi, Shahram and Xiao, Jianxiong},
  booktitle={Proceedings of the IEEE international conference on computer vision},
  pages={1192--1201},
  year={2017}
}
@inproceedings{kehl2017ssd,
  title={Ssd-6d: Making rgb-based 3d detection and 6d pose estimation great again},
  author={Kehl, Wadim and Manhardt, Fabian and Tombari, Federico and Ilic, Slobodan and Navab, Nassir},
  booktitle={Proceedings of the IEEE International Conference on Computer Vision},
  pages={1521--1529},
  year={2017}
}

@inproceedings{rios2013discriminatively,
  title={Discriminatively trained templates for 3d object detection: A real time scalable approach},
  author={Rios-Cabrera, Reyes and Tuytelaars, Tinne},
  booktitle={Proceedings of the IEEE international conference on computer vision},
  pages={2048--2055},
  year={2013}
}

@inproceedings{drost2010model,
  title={Model globally, match locally: Efficient and robust 3D object recognition},
  author={Drost, Bertram and Ulrich, Markus and Navab, Nassir and Ilic, Slobodan},
  booktitle={2010 IEEE computer society conference on computer vision and pattern recognition},
  pages={998--1005},
  year={2010},
  organization={Ieee}
}
@inproceedings{hinterstoisser2012model,
  title={Model based training, detection and pose estimation of texture-less 3d objects in heavily cluttered scenes},
  author={Hinterstoisser, Stefan and Lepetit, Vincent and Ilic, Slobodan and Holzer, Stefan and Bradski, Gary and Konolige, Kurt and Navab, Nassir},
  booktitle={Asian conference on computer vision},
  pages={548--562},
  year={2012},
  organization={Springer}
}

@inproceedings{xu2018pointfusion,
  title={Pointfusion: Deep sensor fusion for 3d bounding box estimation},
  author={Xu, Danfei and Anguelov, Dragomir and Jain, Ashesh},
  booktitle={Proceedings of the IEEE Conference on Computer Vision and Pattern Recognition},
  pages={244--253},
  year={2018}
}
@article{hegde2016fusionnet,
  title={FusionNet: 3d Object Classification using Multiple Data Representations},
  author={Hegde, Vishakh and Zadeh, Reza},
  journal={arXiv preprint arXiv:1607.05695},
  year={2016}
}
@inproceedings{shi2019pointrcnn,
  title={Pointrcnn: 3d object proposal generation and detection from point cloud},
  author={Shi, Shaoshuai and Wang, Xiaogang and Li, Hongsheng},
  booktitle={Proceedings of the IEEE Conference on Computer Vision and Pattern Recognition},
  pages={770--779},
  year={2019}
}


100
@inproceedings{qi2018frustum,
  title={Frustum pointnets for 3d object detection from rgb-d data},
  author={Qi, Charles R and Liu, Wei and Wu, Chenxia and Su, Hao and Guibas, Leonidas J},
  booktitle={Proceedings of the IEEE conference on computer vision and pattern recognition},
  pages={918--927},
  year={2018}
}

@inproceedings{Ku_2019,
	doi = {10.1109/cvpr.2019.01214},
	url = {https://doi.org/10.1109%2Fcvpr.2019.01214},
	year = 2019,
	month = {jun},
	publisher = {{IEEE}},
	author = {Jason Ku and Alex D. Pon and Steven L. Waslander},
	title = {Monocular 3D Object Detection Leveraging Accurate Proposals and Shape Reconstruction},
	booktitle = {2019 {IEEE}/{CVF} Conference on Computer Vision and Pattern Recognition ({CVPR})}
}
@inproceedings{Ku_2018,
	doi = {10.1109/iros.2018.8594049},
	url = {https://doi.org/10.1109%2Firos.2018.8594049},
	year = 2018,
	month = {oct},
	publisher = {{IEEE}},
	author = {Jason Ku and Melissa Mozifian and Jungwook Lee and Ali Harakeh and Steven L. Waslander},
	title = {Joint 3D Proposal Generation and Object Detection from View Aggregation},
	booktitle = {2018 {IEEE}/{RSJ} International Conference on Intelligent Robots and Systems ({IROS})}
}
@inproceedings{Munoz_2016,
	doi = {10.1109/icra.2016.7487781},
	url = {https://doi.org/10.1109%2Ficra.2016.7487781},
	year = 2016,
	month = {may},
	publisher = {{IEEE}},
	author = {E. Munoz and Y. Konishi and V. Murino and A. Del Bue},
	title = {Fast 6D pose estimation for texture-less objects from a single {RGB} image},
	booktitle = {2016 {IEEE} International Conference on Robotics and Automation ({ICRA})}
}
@inproceedings{Mohamad_2014,
	doi = {10.1109/3dv.2014.21},
	url = {https://doi.org/10.1109%2F3dv.2014.21},
	year = 2014,
	month = {dec},
	publisher = {{IEEE}},
	author = {Mustafa Mohamad and David Rappaport and Michael Greenspan},
	title = {Generalized 4-Points Congruent Sets for 3D Registration},
	booktitle = {2014 2nd International Conference on 3D Vision}
}
@inproceedings{Wang_2019,
	doi = {10.1109/cvpr.2019.00275},
	url = {https://doi.org/10.1109%2Fcvpr.2019.00275},
	year = 2019,
	month = {jun},
	publisher = {{IEEE}},
	author = {He Wang and Srinath Sridhar and Jingwei Huang and Julien Valentin and Shuran Song and Leonidas J. Guibas},
	title = {Normalized Object Coordinate Space for Category-Level 6D Object Pose and Size Estimation},
	booktitle = {2019 {IEEE}/{CVF} Conference on Computer Vision and Pattern Recognition ({CVPR})}
}